@article{mnistlecun,
    author = {Lecun, Yann and Cortes, Corinna},
    citeulike-article-id = {599493},
    citeulike-linkout-0 = {http://yann.lecun.com/exdb/mnist/},
    keywords = {ai, mnist, recognition},
    posted-at = {2009-03-20 17:02:13},
    priority = {2},
    title = {{The MNIST database of handwritten digits}},
    url = {http://yann.lecun.com/exdb/mnist/},
}
@article{features,
    author = {Rafael M. O. Cruz, George D. C. Cavalcanti and Tsang Ing Ren },
    title = {{Handwritten Digit Recognition Using Multiple Feature Extraction Techniques and Classifier Ensemble}},
    journal = {IEEE International Conference on Systems, Signals and Image Processing},
    year = {2010},
}
